@inproceedings{kato:2002,
    author = {Toshi Kato and Jun Saito},
    title = {"Kilauea": parallel global illumination renderer},
    booktitle = {Proceedings of the Fourth Eurographics Workshop on Parallel Graphics and Visualization},
    series = {EGPGV '02},
    year = {2002},
    isbn = {1-58113-579-3},
    location = {Blaubeuren, Germany},
    pages = {7--16},
    numpages = {10},
    url = {http://dl.acm.org/citation.cfm?id=569673.569675},
    acmid = {569675},
    publisher = {Eurographics Association},
    address = {Aire-la-Ville, Switzerland, Switzerland},
}

@inproceedings{hapala:2011,
    author = {M Hapala and T Davidovic and I Wald and V Havran and P Slusallek},
    title = {Efficient stack-less BVH traversal for ray tracing.},
    booktitle = {27th Spring Conference on Computer Graphics},
    series = {SCCG '11},
    year = {2011}
}

@book{pbrt,
    author = {Matt Pharr and Greg Humphreys},
    title = {Physically Based Rendering: From Theory to Implementation},
	edition = {2nd},
	publisher = {Morgan Kaufmann},
	year = {2010}
}

@article{whitted:1980,
    author = {Turner Whitted},
    title = {An improved illumination model for shaded display},
    journal = {Commun. ACM},
    issue_date = {June 1980},
    volume = {23},
    number = {6},
    month = jun,
    year = {1980},
    issn = {0001-0782},
    pages = {343--349},
    numpages = {7},
    url = {http://doi.acm.org/10.1145/358876.358882},
    doi = {10.1145/358876.358882},
    acmid = {358882},
    publisher = {ACM},
    address = {New York, NY, USA},
    keywords = {computer animation, computer graphics, raster displays, shading, visible surface algorithms},
}

@inproceedings{appel:1968,
    author = {Arthur Appel},
    title = {Some techniques for shading machine renderings of solids.},
    booktitle = {Spring Joint Comptr. Conf.},
    series = {AFIPS},
    year = {1968},
    pages = {37--45},
}

@inproceedings{krishnamurthy:1996,
    author = {Venkat Krishnamurthy and Marc Levoy},
    title = {Fitting smooth surfaces to dense polygon meshes},
    booktitle = {Proceedings of the 23rd annual conference on Computer graphics and interactive techniques},
    series = {SIGGRAPH '96},
    year = {1996},
    isbn = {0-89791-746-4},
    pages = {313--324},
    numpages = {12},
    url = {http://doi.acm.org/10.1145/237170.237270},
    doi = {10.1145/237170.237270},
    acmid = {237270},
    publisher = {ACM},
    address = {New York, NY, USA},
    keywords = {B-spline surfaces, dense polygon meshes, displacement maps, parameterization, surface fitting},
}

@inproceedings{cohen:1998,
    author = {Jonathan Cohen and Marc Olano and Dinesh Manocha},
    title = {Appearance-preserving simplification},
    booktitle = {Proceedings of the 25th annual conference on Computer graphics and interactive techniques},
    series = {SIGGRAPH '98},
    year = {1998},
    isbn = {0-89791-999-8},
    pages = {115--122},
    numpages = {8},
    url = {http://doi.acm.org/10.1145/280814.280832},
    doi = {10.1145/280814.280832},
    acmid = {280832},
    publisher = {ACM},
    address = {New York, NY, USA},
    keywords = {attributes, color, maps, normal, parameterization, simplification, texture},
} 

@inproceedings{cignoni:1998,
    author = {P Cignoni and C Montani and R Scopigno and C Rocchini},
    title = {A general method for preserving attribute values on simplified meshes},
    booktitle = {Proceedings of the conference on Visualization '98},
    series = {VIS '98},
    year = {1998},
    isbn = {1-58113-106-2},
    location = {Research Triangle Park, North Carolina, United States},
    pages = {59--66},
    numpages = {8},
    url = {http://dl.acm.org/citation.cfm?id=288216.288224},
    acmid = {288224},
    publisher = {IEEE Computer Society Press},
    address = {Los Alamitos, CA, USA},
    keywords = {detail preservation, surface simplication, texture mapping},
}

@inproceedings{clark:1976,
    author = {James H Clark},
    title = {Hierarchical geometric models for visible-surface algorithms},
    booktitle = {Proceedings of the 3rd annual conference on Computer graphics and interactive techniques},
    series = {SIGGRAPH '76},
    year = {1976},
    location = {Philadelphia, Pennsylvania},
    pages = {267--267},
    numpages = {1},
    url = {http://doi.acm.org/10.1145/563274.563323},
    doi = {10.1145/563274.563323},
    acmid = {563323},
    publisher = {ACM},
    address = {New York, NY, USA},
} 

@inproceedings{tabellion:2011,
    author = {Janne Kontkanen and Eric Tabellion and Ryan S Overbeck},
    title = {Coherent Out-of-Core Point-Based Global Illumination},
    booktitle = {Eurographics Symposium on Rendering},
    year = {2011}
}

@inproceedings{pantaleoni:2010,
    author = {Jacopo Pantaleoni and Luca Fascione and Martin Hill and Timo Aila},
    title = {PantaRay: fast ray-traced occlusion caching of massive scenes},
    booktitle = {ACM SIGGRAPH 2010 papers},
    series = {SIGGRAPH '10},
    year = {2010},
    isbn = {978-1-4503-0210-4},
    location = {Los Angeles, California},
    pages = {37:1--37:10},
    articleno = {37},
    numpages = {10},
    url = {http://doi.acm.org/10.1145/1833349.1778774},
    doi = {10.1145/1833349.1778774},
    acmid = {1778774},
    publisher = {ACM},
    address = {New York, NY, USA},
    keywords = {caching, global illumination, out of core, precomputed radiance transfer},
}

@inproceedings{garanzha:2011,
    author = {Kirill Garanzha and Alexander Bely and Simon Premoze and Vladimir Galaktionov},
    title = {Out-of-core GPU ray tracing of complex scenes},
    booktitle = {ACM SIGGRAPH 2011 Talks},
    series = {SIGGRAPH '11},
    year = {2011},
    isbn = {978-1-4503-0974-5},
    location = {Vancouver, British Columbia, Canada},
    pages = {21:1--21:1},
    articleno = {21},
    numpages = {1},
    url = {http://doi.acm.org/10.1145/2037826.2037854},
    doi = {10.1145/2037826.2037854},
    acmid = {2037854},
    publisher = {ACM},
    address = {New York, NY, USA},
}

@inproceedings{dean:2004,
    author = {Jeffrey Dean and Sanjay Ghemawat},
    title = {MapReduce: simplified data processing on large clusters},
    booktitle = {Proceedings of the 6th conference on Symposium on Opearting Systems Design \& Implementation - Volume 6},
    series = {OSDI'04},
    year = {2004},
    location = {San Francisco, CA},
    pages = {10--10},
    numpages = {1},
    url = {http://dl.acm.org/citation.cfm?id=1251254.1251264},
    acmid = {1251264},
    publisher = {USENIX Association},
    address = {Berkeley, CA, USA},
}

@inproceedings{northam:2011,
    author = {Lesley Northam and Rob Smits},
    title = {HORT: Hadoop online ray tracing with mapreduce},
    booktitle = {ACM SIGGRAPH 2011 Posters},
    series = {SIGGRAPH '11},
    year = {2011},
    isbn = {978-1-4503-0971-4},
    location = {Vancouver, British Columbia, Canada},
    pages = {22:1--22:1},
    articleno = {22},
    numpages = {1},
    url = {http://doi.acm.org/10.1145/2037715.2037742},
    doi = {10.1145/2037715.2037742},
    acmid = {2037742},
    publisher = {ACM},
    address = {New York, NY, USA},
}

@inproceedings{reinhard:1999,
author = {Erik Reinhard and Alan Chalmers and Frederik W Jansen},
title = {Hybrid Scheduling for Parallel Rendering Using Coherent Ray Tasks},
booktitle = {Proceedings Parallel Visualization and Graphics Symposium},
year = {1999},
pages = {21--28}
}

@inproceedings{navratil:2012,
    author = {Paul A Navr\'{a}til and Donald S Fussell and Calvin Lin and Hank Childs},
    title = {Dynamic Scheduling for Large-Scale Distributed-Memory Ray Tracing},
    booktitle = {Proceedings of Eurographics Symposium on Parallel Graphics and Visualization},
    year = {2012},
    pages = {61--70}
}


@article{djeu:2011,
 author = {Djeu, Peter and Hunt, Warren and Wang, Rui and Elhassan, Ikrima and Stoll, Gordon and Mark, William R.},
 title = {Razor: An architecture for dynamic multiresolution ray tracing},
 journal = {ACM Trans. Graph.},
 issue_date = {October 2011},
 volume = {30},
 number = {5},
 month = oct,
 year = {2011},
 issn = {0730-0301},
 pages = {115:1--115:26},
 articleno = {115},
 numpages = {26},
 url = {http://doi.acm.org/10.1145/2019627.2019634},
 doi = {10.1145/2019627.2019634},
 acmid = {2019634},
 publisher = {ACM},
 address = {New York, NY, USA},
 keywords = {Distribution ray tracing, hierarchical build, lazy build, level of detail, multiresolution, parallel build, real-time ray tracing, subdivision surfaces},
}

@article {afra:2012,
    author = {\'{A}fra, Attila},
    title = {Interactive Ray Tracing of Large Models Using Voxel Hierarchies},
    journal = {Computer Graphics Forum},
    volume = {31},
    number = {1},
    publisher = {Blackwell Publishing Ltd},
    issn = {1467-8659},
    url = {http://dx.doi.org/10.1111/j.1467-8659.2011.02085.x},
    doi = {10.1111/j.1467-8659.2011.02085.x},
    pages = {75--88},
    keywords = {ray tracing, massive models, real-time rendering, out-of-core, level-of-detail, voxels},
    keywords = { I.3.7 [Computer Graphics]: Three-Dimensional Graphics and Realism—Raytracing, I.3.6 [Computer Graphics] Methodology and Techniques—Graphics data structures and data types},
    year = {2012},
}

@inproceedings{demarle:2004,
    author = {DeMarle, David E. and Gribble, Christiaan P. and Parker, Steven G.},
    title = {Memory-savvy distributed interactive ray tracing},
    booktitle = {Proceedings of the 5th Eurographics conference on Parallel Graphics and Visualization},
    series = {EG PGV'04},
    year = {2004},
    isbn = {3-905673-11-8},
    location = {Grenoble, France},
    pages = {93--100},
    numpages = {8},
    url = {http://dx.doi.org/10.2312/EGPGV/EGPGV04/093-100},
    doi = {10.2312/EGPGV/EGPGV04/093-100},
    acmid = {2386119},
    publisher = {Eurographics Association},
    address = {Aire-la-Ville, Switzerland, Switzerland},
}

@article{moon:2010,
    author = {Moon, Bochang and Byun, Yongyoung and Kim, Tae-Joon and Claudio, Pio and Kim, Hye-Sun and Ban, Yun-Ji and Nam, Seung Woo and Yoon, Sung-Eui},
    title = {Cache-oblivious ray reordering},
    journal = {ACM Trans. Graph.},
    issue_date = {June 2010},
    volume = {29},
    number = {3},
    month = jul,
    year = {2010},
    issn = {0730-0301},
    pages = {28:1--28:10},
    articleno = {28},
    numpages = {10},
    url = {http://doi.acm.org/10.1145/1805964.1805972},
    doi = {10.1145/1805964.1805972},
    acmid = {1805972},
    publisher = {ACM},
    address = {New York, NY, USA},
    keywords = {Ray coherence, cache utilization, ray tracing, reordering},
}

@article{badouel:1994, 
    author={Badouel, D. and Bouatouch, K. and Priol, T.}, 
    journal={Computer Graphics and Applications, IEEE}, title={Distributing data and control for ray tracing in parallel}, 
    year={1994}, 
    month={july }, 
    volume={14}, 
    number={4}, 
    pages={69 -77}, 
    keywords={complexity;control-oriented parallel approach;data distribution;data-oriented parallel implementation;distributed-memory parallel computers;load balancing;message passing;parallel ray-tracing algorithm;ray-tracing algorithms programming;shared virtual memory;communication complexity;data structures;message passing;parallel algorithms;ray tracing;rendering (computer graphics);virtual storage;}, 
    doi={10.1109/38.291533}, 
    ISSN={0272-1716}
}
